@misc{all:allegato1,
  author = {PagoPa},
  note   = { 
            \newline
            \begin{minipage}{.90\textwidth}
            \includegraphics[width=\textwidth]{biblio/attachments/Documento.pdf}
            \end{minipage}
            }
}

@misc{all:allegato2,
  author       = {Arduino Schema},
  howpublished = { note },
  note         = {
                  \newline
                  \begin{minipage}{.90\textwidth}
                  \includegraphics[width=\textwidth]{biblio/attachments/FontanaStefano.pdf}
                  \end{minipage}
                  \includepdf[pages={2-last}, scale=0.6, pagecommand={}]{biblio/attachments/FontanaStefano.pdf}
                  }
}