@manual{avr:tiny4,
  organization = {Microchip},
  title        = {ATtiny4/5/9/10 tinyAVR Data Sheet},
  number       = {DS40002060A},
  year         = 2018,
  note         = {Rev. 8127A, Table 17-1}
}

@manual{avr:m328p,
  organization = {Microchip},
  title        = {ATmega48A/PA/88A/PA/168A/PA/328/P megaAVR Data Sheet},
  number       = {DS40002061B},
  year         = 2020,
  note         = {Rev. B}
}

@manual{avr:isa,
  organization = {Microchip},
  title        = {AVR Instruction Set Manual},
  number       = {0856L},
  year         = 2016,
  note         = {Rev. 0856L}
}

@manual{avr:appnote:isp,
  organization = {Microchip},
  title        = {AVR910: In-System Programming},
  number       = {AVR910},
  year         = 2016,
  note         = {Rev. 0943F}
}

@manual{avr:appnote:tpi,
  organization = {Microchip},
  title        = {Atmel AVR918: Using the Atmel Tiny Programming
Interface (TPI)},
  number       = {AVR918},
  year         = 2012,
  note         = {Rev. 8373B}
}

@manual{avr:appnote:pdi,
  organization = {Microchip},
  title        = {AVR1612: PDI programming driver},
  number       = {AVR1612},
  year         = 2010,
  note         = {Rev. 8282A}
}