@misc{img:unibs40,
  author = {{Wikipedia, the free encyclopedia}},
  title  = {Atomic force microscopy},
  year   = {2013},
  note   = {[Online; accessed April 27, 2013]},
  url    = {https://en.wikipedia.org/wiki/File:Atomic_force_microscope_block_diagram.svg}
}