@article{arm-intel-phone-market,
  author  = {Smith, Brad},
  journal = {Computer},
  title   = {ARM and Intel Battle over the Mobile Chip's Future},
  year    = {2008},
  volume  = {41},
  number  = {5},
  pages   = {15-18},
  doi     = {10.1109/MC.2008.142}
}