@misc{site:arm-licensing,
  author       = {Arm Holdings},
  title        = {Arm Flexible Access},
  howpublished = {\url{https://www.arm.com/products/flexible-access}},
  note         = {[Online; Data di visualizzazione: 08-09-2022]}
}

@misc{site:arduino-about,
  author       = {Arduino s.r.l.},
  title        = {About Arduino},
  howpublished = {\url{https://www.arduino.cc/en/about}},
  note         = {[Online; Data di visualizzazione: 08-09-2022]}
}

@misc{site:avr-gcc,
  author       = { embecosm },
  title        = {avr-gcc},
  howpublished = {\url{https://github.com/embecosm/avr-gcc}},
  note         = {[Git; Online; Data di visualizzazione: 08-09-2022]}
}

@misc{site:avr-libc,
  author       = {avrdudes},
  title        = {avr-libc},
  howpublished = {\url{https://github.com/avrdudes/avr-libc}},
  note         = {[Git; Online; Data di visualizzazione: 08-09-2022]}
}
